
@article{beheshti2015survey,
  title={A survey on retail sales forecasting and prediction in fashion markets},
  author={Beheshti-Kashi, Samaneh and Karimi, Hamid Reza and Thoben, Klaus-Dieter and L{\"u}tjen, Michael and Teucke, Michael},
  journal={Systems Science \& Control Engineering},
  volume={3},
  number={1},
  pages={154--161},
  year={2015},
  publisher={Taylor \& Francis}
}

@article{tyrpakovadeep,
  title={Deep Neural Networks for Sales Forecasting},
  author={Tyrp{\'a}kov{\'a}, Nat{\'a}lia}
}